<record><leader>00000cas a22000007a 4500</leader><controlfield tag="001">8782274</controlfield><controlfield tag="008">820917d18861890ksuwr ne      0   a0eng  </controlfield><controlfield tag="009">466</controlfield><datafield ind1=" " ind2=" " tag="010"><subfield code="a">sn 82014456 </subfield></datafield><datafield ind1=" " ind2=" " tag="040"><subfield code="a">DLC</subfield><subfield code="b">eng</subfield><subfield code="c">DLC</subfield><subfield code="d">NPT</subfield><subfield code="d">OCL</subfield></datafield><datafield ind1="1" ind2=" " tag="029"><subfield code="a">AU@</subfield><subfield code="b">000025817989</subfield></datafield><datafield ind1=" " ind2=" " tag="042"><subfield code="a">msc</subfield></datafield><datafield ind1="0" ind2="0" tag="050"><subfield code="a">Newspaper 7808</subfield></datafield><datafield ind1="0" ind2=" " tag="130"><subfield code="a">Burrton graphic (Burrton, Kan. : 1886)</subfield></datafield><datafield ind1="0" ind2="4" tag="245"><subfield code="a">The Burrton graphic.</subfield></datafield><datafield ind1="1" ind2="3" tag="246"><subfield code="a">Burrton weekly graphic</subfield><subfield code="f">May 8-15, 1890</subfield></datafield><datafield ind1="1" ind2="3" tag="246"><subfield code="a">Weekly graphic</subfield><subfield code="f">May 22-June 26, 1890</subfield></datafield><datafield ind1=" " ind2=" " tag="260"><subfield code="a">Burrton, Kan. :</subfield><subfield code="b">S.S. Adkins,</subfield><subfield code="c">1886-1890.</subfield></datafield><datafield ind1=" " ind2=" " tag="300"><subfield code="a">4 v. :</subfield><subfield code="b">ill. ;</subfield><subfield code="c">55-66 cm.</subfield></datafield><datafield ind1=" " ind2=" " tag="310"><subfield code="a">Weekly</subfield></datafield><datafield ind1="0" ind2=" " tag="362"><subfield code="a">Vol. 6, no. 29 (Nov. 26, 1886)-v. 10, no. 9 (June 26, 1890).</subfield></datafield><datafield ind1=" " ind2=" " tag="500"><subfield code="a">Published by: M.L. Sherpy, Dec. 30, 1886-Jan. 31, 1889; Geo. W. Kent Jr., Feb. 7, 1889-Jan. 2, 1890; Osburn &amp; Kent, Jan. 9-June 26, 1890.</subfield></datafield><datafield ind1=" " ind2=" " tag="500"><subfield code="a">"Independent."</subfield></datafield><datafield ind1=" " ind2=" " tag="525"><subfield code="a">Supplements accompany some numbers.</subfield></datafield><datafield ind1=" " ind2=" " tag="752"><subfield code="a">United States</subfield><subfield code="b">Kansas</subfield><subfield code="c">Harvey</subfield><subfield code="d">Burrton.</subfield></datafield><datafield ind1="0" ind2="0" tag="780"><subfield code="t">Burrton monitor</subfield><subfield code="w">(DLC)sn 84030450</subfield></datafield><datafield ind1="0" ind2="0" tag="785"><subfield code="t">Burrton weekly graphic</subfield><subfield code="w">(DLC)sn 84030445</subfield></datafield></record>